@article{owid-ghg-emissions-by-sector,
    author = {Hannah Ritchie},
    title = {Sector by sector: where do global greenhouse gas emissions come
             from?},
    journal = {Our World in Data},
    year = {2020},
    note = {\url{https://ourworldindata.org/ghg-emissions-by-sector}},
}

@article{passengers-cars-per-thousand-people,
    author = {Eurostat},
    title = {Passenger cars per 1 000 inhabitants reached 560 in 2022},
    year = {2024},
    note = {\url{
            https://ec.europa.eu/eurostat/web/products-eurostat-news/w/ddn-20240117-1
            }},
}

@article{deterding2011gamification,
    title = {Gamification: Toward a definition},
    author = {Deterding, Sebastian and Dixon, Dan and Khaled, Rilla and Nacke,
              Lennart},
    booktitle = {CHI 2011 Gamification Workshop Proceedings},
    journal = {CHI 2011 Workshop},
    organization = {Vancouver, BC, Canada},
    year = {2011},
}

@article{hamari2014does,
    title = {Does gamification work?--a literature review of empirical studies
             on gamification},
    author = {Hamari, Juho and Koivisto, Jonna and Sarsa, Harri},
    journal = {HICSS},
    year = {2014},
}

@article{berkhout2004de,
    title = {De-materialising and re-materialising: digital technologies and the
             environment},
    author = {Berkhout, Frans and Hertin, Julia},
    journal = {Futures},
    volume = {36},
    number = {8},
    pages = {903--920},
    year = {2004},
}

@book{fogg2002persuasive,
    title = {Persuasive Technology: Using Computers to Change What We Think and
             Do},
    author = {Fogg, B.J.},
    isbn = {9781558606432},
    year = {2002},
    publisher = {Morgan Kaufmann},
}

@techreport{iea2021fuel,
    author = {{International Energy Agency}},
    title = {Fuel Economy in Major Car Markets: Technology and Policy Drivers
             2005-2019},
    year = {2021},
    institution = {IEA},
    note = {\url{https://www.iea.org/reports/fuel-economy-in-major-car-markets}},
}

@book{Tanenbaum2011ComputerNetworks,
  author    = {Andrew S. Tanenbaum and David J. Wetherall},
  title     = {Computer Networks},
  publisher = {Prentice Hall},
  year      = {2011},
  edition   = {5th},
  isbn      = {978-0132126953}
}

@inproceedings{Garg2013ComparingPatterns,
  author    = {Ankita Garg and Ayushi Gupta and Anjali},
  title     = {Comparing the performance of MVC, MVP and MVVM pattern},
  booktitle = {2013 1st International Conference on Emerging Trends in Engineering and Technology},
  year      = {2013},
  pages     = {106-109},
  doi       = {10.1109/ICETET.2013.29}
}

@book{Djirdeh2018FullstackReactNative,
  author    = {Houssein Djirdeh and Anthony Accomazzo and Sophia Shoemaker and Devin Abbott},
  title     = {Fullstack React Native: The complete guide to React Native},
  publisher = {Fullstack.io},
  year      = {2018},
  isbn      = {978-0991344692}
}

@phdthesis{Fielding2000REST,
  author  = {Roy Thomas Fielding},
  title   = {Architectural Styles and the Design of Network-based Software Architectures},
  school  = {University of California, Irvine},
  year    = {2000},
  url     = {https://www.ics.uci.edu/~fielding/pubs/dissertation/top.htm}
}

@book{Sadalage2012NoSQLDistilled,
  author    = {Pramod J. Sadalage and Martin Fowler},
  title     = {NoSQL Distilled: A Brief Guide to the Emerging World of Polyglot Persistence},
  publisher = {Addison-Wesley Professional},
  year      = {2012},
  isbn      = {978-0321826689}
}

@book{Humble2010ContinuousDelivery,
  author    = {Jez Humble and David Farley},
  title     = {Continuous Delivery: Reliable Software Releases through Build, Test, and Deployment Automation},
  publisher = {Addison-Wesley Professional},
  year      = {2010},
  isbn      = {978-0321601919}
}

@book{Martin2017CleanArchitecture,
  author    = {Robert C. Martin},
  title     = {Clean Architecture: A Craftsman's Guide to Software Structure and Design},
  publisher = {Prentice Hall},
  year      = {2017},
  isbn      = {978-0134494166}
}

@book{Gamma1995DesignPatterns,
  author    = {Erich Gamma and Richard Helm and Ralph Johnson and John Vlissides},
  title     = {Design Patterns: Elements of Reusable Object-Oriented Software},
  publisher = {Addison-Wesley Professional},
  year      = {1995},
  isbn      = {978-0201633610}
}
